<?xml version="1.0" encoding="UTF-8"?><collection xmlns="http://www.loc.gov/MARC21/slim"><record><leader>00644nam--2200193-i-4500</leader><controlfield tag="001">000002159</controlfield><controlfield tag="002">20161230</controlfield><controlfield tag="005">20161230201024</controlfield><controlfield tag="008">060222s1000------------r-----000-0-fre-d</controlfield><datafield ind1=" " ind2=" " tag="040"><subfield code="a">IFIN-HH</subfield></datafield><datafield ind1=" " ind2=" " tag="041"><subfield code="a">fre</subfield></datafield><datafield ind1=" " ind2=" " tag="080"><subfield code="a">535.33:535-1+539.6</subfield></datafield><datafield ind1="1" ind2=" " tag="100"><subfield code="a">Freymann, Rene</subfield></datafield><datafield ind1="1" ind2="0" tag="245"><subfield code="a">Spectre infrarouge et structure moleculaire</subfield><subfield code="b">Etude des forces intramoleculaire par la pertubation des frequences infrarouges ou raman</subfield><subfield code="c">Rene freymann</subfield></datafield><datafield ind1=" " ind2=" " tag="260"><subfield code="a">Paris</subfield><subfield code="b">Cnrs</subfield><subfield code="c">1947</subfield></datafield><datafield ind1=" " ind2=" " tag="300"><subfield code="a">VI + 98 P</subfield></datafield><datafield ind1=" " ind2=" " tag="490"><subfield code="a">Conference Rapports Sur Les Recherches Recentes En Physque</subfield><subfield code="v">Deuxieme Volume</subfield></datafield><datafield ind1=" " ind2=" " tag="852"><subfield code="a">10695</subfield><subfield code="c">535.33</subfield></datafield><datafield ind1=" " ind2=" " tag="CAT"><subfield code="a">Sys</subfield><subfield code="c">20101130</subfield><subfield code="h">161312</subfield></datafield></record></collection>